<?xml version="1.0" encoding="UTF-8"?><collection xmlns="http://www.loc.gov/MARC21/slim"><record><leader>00457nam--2200169-i-4500</leader><controlfield tag="001">000015022</controlfield><controlfield tag="002">20161230</controlfield><controlfield tag="005">20161230201031</controlfield><controlfield tag="008">060222s1000------------r-----000-0-eng-d</controlfield><datafield ind1=" " ind2=" " tag="040"><subfield code="a">IFIN-HH</subfield></datafield><datafield ind1=" " ind2=" " tag="080"><subfield code="a">53.08:621.3.08</subfield></datafield><datafield ind1="1" ind2=" " tag="100"><subfield code="a">Brookes, A.M.P</subfield></datafield><datafield ind1="1" ind2="0" tag="245"><subfield code="a">Basic instrumentation for engineers and physicists</subfield><subfield code="c">A.m.p. brookes</subfield></datafield><datafield ind1=" " ind2=" " tag="260"><subfield code="a">Oxford</subfield><subfield code="b">Pergamon Press</subfield><subfield code="c">1968</subfield></datafield><datafield ind1=" " ind2=" " tag="300"><subfield code="a">XI + 191 P</subfield></datafield><datafield ind1=" " ind2=" " tag="852"><subfield code="a">76118</subfield><subfield code="c">53.08</subfield></datafield><datafield ind1=" " ind2=" " tag="CAT"><subfield code="a">Sys</subfield><subfield code="c">20151029</subfield><subfield code="h">135235</subfield></datafield></record></collection>